2479 3508
499 879 588 1035 6
1078 431 1240 555 G.
135 445 2296 633 RUSSISCHER E MUSIKVERLAG
830 593 1595 660 OEORÜNDET VON S. UND N. KUSSEWITZK
129 604 2291 720 BERLIN — LEIPZIG — LONDON — MOSKAU — NEW-YORK — PARIS — BRÜSSEL — BARCELONA — MADRID
140 706 2293 827 TELEORAMM-AORESSE; VERRUS BERLN — Telephon, Amt Kurfüret 6158 — BANK-KONTOL DEUTSCHE BANK, SERLN
827 943 1170 1100 Ko pie.
811 1019 1633 1194 -------
305 1143 1215 1345 The leighberhood Playhouse.
1277 1151 1601 1312 Dew-York.
1215 1275 1851 1412 466. Grand Street.
1377 1404 1913 1601 3. January 1924.
442 1539 2140 1727 I understand from J. & W. Chester of 11. Great Marl-
140 1625 1922 1811 borough Street, London, that you are the publishers of
129 1768 2083 1892 Prokofieff's Chout. I tried to find an American Agent
137 1851 2223 1994 and 1 have been unsuccessfull, so I am writing directly to you
135 1948 2175 2086 We ire planning to produce this ballett early in March for at
140 2027 2199 2145 least fourteen performances, possibly more accerding to the in-
135 2126 2175 2256 terest. Chout will ba a part of the bill. As our theater
137 2213 2172 2347 seats only four hundred people, we are planning to have a very
143 2307 2194 2471 small orchestral ensemble which we are having made from a pians
143 2417 1291 2531 score by a very skillfull musician.
132 2482 2118 2625 Please let us hear from you or Mr. Prekefieff so that we can
132 2579 2194 2730 make whatever business arrangements are necessary. My cable ad-
129 2692 2178 2835 dress is "Al irene, lew-York " in case you wish to send
124 2781 1162 2921 us any immediate cemmunicatien.
1523 827 1851 914 BERLIN SW 1I,
1525 908 1889 1008 DESSAUER STR. 17
